<?xml version="1.0" encoding="UTF-8"?><record xmlns="http://www.loc.gov/MARC21/slim" xmlns:cinclude="http://apache.org/cocoon/include/1.0" xmlns:zs="http://www.loc.gov/zing/srw/">
  <leader>00605nz  a2200145n  4500</leader>
  <controlfield tag="001">no2010094818</controlfield>
  <controlfield tag="003">DLC</controlfield>
  <controlfield tag="005">20100611075434.0</controlfield>
  <controlfield tag="008">100609n| acannaabn          |n aaa     c</controlfield>
  <datafield tag="010" ind1=" " ind2=" ">
    <subfield code="a">no2010094818</subfield>
  </datafield>
  <datafield tag="035" ind1=" " ind2=" ">
    <subfield code="a">(OCoLC)oca08522383</subfield>
  </datafield>
  <datafield tag="040" ind1=" " ind2=" ">
    <subfield code="a">IlMchBWI</subfield>
    <subfield code="b">eng</subfield>
    <subfield code="c">IlMchBWI</subfield>
  </datafield>
  <datafield tag="100" ind1="1" ind2=" ">
    <subfield code="a">Thurman, Dianne S.</subfield>
  </datafield>
  <datafield tag="670" ind1=" " ind2=" ">
    <subfield code="a">Johnny Mercer, c2009:</subfield>
    <subfield code="b">t.p. (Dianne S. Thurman)</subfield>
  </datafield>
  <datafield tag="670" ind1=" " ind2=" ">
    <subfield code="a">LinkedIn website, June 9, 2010:</subfield>
    <subfield code="b">(Dianne Thurman; lives in Savannah, Ga. area; chairperson Johnny Mercer Centennial at Johnny Mercer Centennial Committee; former teacher; B.S. education Woman's College of Ga.; masters in education AASU)</subfield>
  </datafield>
</record>